<record xmlns="http://www.loc.gov/MARC21/slim">
   <leader>02878cam a2200421 i 45 0</leader>
   <controlfield tag="001">6759232</controlfield>
   <controlfield tag="003">OCoLC</controlfield>
   <controlfield tag="005">20141215162037.0</controlfield>
   <controlfield tag="008">131205s2015    mauab         001 0 eng  </controlfield>
   <datafield ind1=" " ind2=" " tag="010">
      <subfield code="a">  2013046411</subfield>
   </datafield>
   <datafield ind1=" " ind2=" " tag="020">
      <subfield code="a">9780133423648</subfield>
   </datafield>
   <datafield ind1=" " ind2=" " tag="020">
      <subfield code="a">0133423646</subfield>
   </datafield>
   <datafield ind1=" " ind2=" " tag="035">
      <subfield code="a">ocn863195739</subfield>
   </datafield>
   <datafield ind1=" " ind2=" " tag="040">
      <subfield code="a">DLC</subfield>
      <subfield code="b">eng</subfield>
      <subfield code="e">rda</subfield>
      <subfield code="c">DLC</subfield>
      <subfield code="d">BTCTA</subfield>
      <subfield code="d">YDXCP</subfield>
      <subfield code="d">CHVBK</subfield>
      <subfield code="d">OCLCF</subfield>
      <subfield code="d">ORU</subfield>
      <subfield code="d">UAB</subfield>
   </datafield>
   <datafield ind1=" " ind2=" " tag="042">
      <subfield code="a">pcc</subfield>
   </datafield>
   <datafield ind1="0" ind2="0" tag="050">
      <subfield code="a">HF1359</subfield>
      <subfield code="b">.K78 2015</subfield>
   </datafield>
   <datafield ind1="0" ind2="0" tag="082">
      <subfield code="a">337</subfield>
      <subfield code="2">23</subfield>
   </datafield>
   <datafield ind1=" " ind2=" " tag="090">
      <subfield code="a">HF 1359 K78 2015</subfield>
      <subfield code="b">AEU</subfield>
   </datafield>
   <datafield ind1=" " ind2=" " tag="090">
      <subfield code="a">HF1359 .K78 2015</subfield>
      <subfield code="b">AEGMCT</subfield>
   </datafield>
   <datafield ind1="1" ind2=" " tag="100">
      <subfield code="a">Krugman, Paul R.</subfield>
   </datafield>
   <datafield ind1="1" ind2="0" tag="245">
      <subfield code="a">International economics :</subfield>
      <subfield code="b">theory and policy /</subfield>
      <subfield code="c">Paul R. Krugman, Princeton University, Maurice Obstfeld, University of California, Berkeley, Marc J. Melitz, Harvard University.</subfield>
   </datafield>
   <datafield ind1=" " ind2=" " tag="250">
      <subfield code="a">10th edition.</subfield>
   </datafield>
   <datafield ind1=" " ind2="1" tag="264">
      <subfield code="a">Boston :</subfield>
      <subfield code="b">Pearson,</subfield>
      <subfield code="c">[2015]</subfield>
   </datafield>
   <datafield ind1=" " ind2=" " tag="300">
      <subfield code="a">xxxii, 753 pages :</subfield>
      <subfield code="b">illustrations, maps ;</subfield>
      <subfield code="c">27 cm</subfield>
   </datafield>
   <datafield ind1=" " ind2=" " tag="336">
      <subfield code="a">text</subfield>
      <subfield code="2">rdacontent</subfield>
   </datafield>
   <datafield ind1=" " ind2=" " tag="337">
      <subfield code="a">unmediated</subfield>
      <subfield code="2">rdamedia</subfield>
   </datafield>
   <datafield ind1=" " ind2=" " tag="338">
      <subfield code="a">volume</subfield>
      <subfield code="2">rdacarrier</subfield>
   </datafield>
   <datafield ind1="1" ind2=" " tag="490">
      <subfield code="a">Pearson series in economics</subfield>
   </datafield>
   <datafield ind1=" " ind2=" " tag="504">
      <subfield code="a">Includes bibliographical references and index.</subfield>
   </datafield>
   <datafield ind1="0" ind2=" " tag="505">
      <subfield code="a">part 1. International trade theory. World trade : an overview ; Labor productivity and comparative advantage : the Ricardian model ; Specific factors and income distribution ; Resources and trade : the Heckscher-Ohlin model ; The standard trade model ; External economies of scale and the international location of production ; Firms in the global economy : export decisions, outsourcing, and multinational enterprises -- part 2. International trade policy. The instruments of trade policy ; The political economy of trade policy ; Trade policy in developing countries ; Controversies in trade policy -- part 3. Exchange rates and open-economy macroeconomics.  National income accounting and the balance of payments ; Exchange rates and the foreign exchange market : an asset approach ; Money, interest rates, and exchange rates ; Price levels and the exchange rate in the long run ; Output and the exchange rate in the short run ; Fixed exchange rates and foreign exchange intervention -- part 4. International macroeconomic policy. International monetary systems : an historical overview ; Financial globalization : opportunity and crisis ; Optimum currency areas and the Euro ; Developing countries : growth, crisis, and reform -- Mathematical postscripts.</subfield>
   </datafield>
   <datafield ind1=" " ind2=" " tag="596">
      <subfield code="a">16 29</subfield>
   </datafield>
   <datafield ind1=" " ind2="0" tag="650">
      <subfield code="a">International economic relations.</subfield>
   </datafield>
   <datafield ind1=" " ind2="0" tag="650">
      <subfield code="a">International finance.</subfield>
   </datafield>
   <datafield ind1="1" ind2=" " tag="700">
      <subfield code="a">Obstfeld, Maurice.</subfield>
   </datafield>
   <datafield ind1="1" ind2=" " tag="700">
      <subfield code="a">Melitz, Marc J.</subfield>
   </datafield>
   <datafield ind1=" " ind2="0" tag="830">
      <subfield code="a">Pearson series in economics.</subfield>
   </datafield>
   <datafield ind1=" " ind2=" " tag="926">
      <subfield code="a">HF 1359 K78 2015</subfield>
      <subfield code="w">LC</subfield>
      <subfield code="c">1</subfield>
      <subfield code="i">0162034598258</subfield>
      <subfield code="d">2/5/2017</subfield>
      <subfield code="e">2/5/2017</subfield>
      <subfield code="k">RESERVES</subfield>
      <subfield code="l">ON_SHELF</subfield>
      <subfield code="m">UAAUG</subfield>
      <subfield code="n">11</subfield>
      <subfield code="p">$150.00</subfield>
      <subfield code="r">Y</subfield>
      <subfield code="s">Y</subfield>
      <subfield code="t">BOOK</subfield>
      <subfield code="u">12/15/2014</subfield>
      <subfield code="0">TEXTBOOK</subfield>
   </datafield>
   <datafield ind1=" " ind2=" " tag="926">
      <subfield code="a">HF1359 .K78 2015</subfield>
      <subfield code="w">LC</subfield>
      <subfield code="c">1</subfield>
      <subfield code="i">1007664038</subfield>
      <subfield code="d">3/1/2017</subfield>
      <subfield code="e">3/1/2017</subfield>
      <subfield code="k">RESERVES</subfield>
      <subfield code="l">ON_SHELF</subfield>
      <subfield code="m">GR_MACEWAN</subfield>
      <subfield code="n">2</subfield>
      <subfield code="p">$196.43</subfield>
      <subfield code="r">Y</subfield>
      <subfield code="s">Y</subfield>
      <subfield code="t">BOOK</subfield>
      <subfield code="u">10/3/2016</subfield>
      <subfield code="z">TEXTBK-MAC</subfield>
      <subfield code="0">TEXTBK-MAC</subfield>
   </datafield>
</record>
